<?xml version="1.0" encoding="UTF-8"?><collection xmlns="http://www.loc.gov/MARC21/slim"><record><leader>00402nam--2200133-i-4500</leader><controlfield tag="001">000023406</controlfield><controlfield tag="002">20161230</controlfield><controlfield tag="005">20161230201035</controlfield><controlfield tag="008">060222s1000------------r-----000-0-eng-d</controlfield><datafield ind1=" " ind2=" " tag="080"><subfield code="a">621.382</subfield></datafield><datafield ind1=" " ind2=" " tag="100"><subfield code="a">Hamilton, D.J., Lindholm, F.A., Marshak, A.H</subfield></datafield><datafield ind1=" " ind2=" " tag="245"><subfield code="a">Principles and applications of semiconductor device modeling</subfield></datafield><datafield ind1=" " ind2=" " tag="260"><subfield code="a">New York, Holt, Rinehart And Winston, Inc.1971 485 P</subfield></datafield><datafield ind1=" " ind2=" " tag="852"><subfield code="a">41665</subfield></datafield></record></collection>